<?xml version="1.0" encoding="UTF-8"?>
<zs:searchRetrieveResponse xmlns:zs="http://www.loc.gov/zing/srw/"><zs:version>1.1</zs:version><zs:numberOfRecords>1</zs:numberOfRecords><zs:records><zs:record><zs:recordSchema>marcxml</zs:recordSchema><zs:recordPacking>xml</zs:recordPacking><zs:recordData><record xmlns="http://www.loc.gov/MARC21/slim">
  <leader>     cam a22        4500</leader>
  <controlfield tag="001">1733284826</controlfield>
  <controlfield tag="003">DE-627</controlfield>
  <controlfield tag="005">20201007215536.0</controlfield>
  <controlfield tag="007">cr uuu---uuuuu</controlfield>
  <controlfield tag="008">200918s2020    gw |||||om    00| ||eng c</controlfield>
  <datafield tag="016" ind1="7" ind2=" ">
    <subfield code="a">1218018615</subfield>
    <subfield code="2">DE-101</subfield>
  </datafield>
  <datafield tag="024" ind1="7" ind2=" ">
    <subfield code="a">urn:nbn:de:bsz:352-2-1tjgd01tlkx2q1</subfield>
    <subfield code="2">urn</subfield>
  </datafield>
  <datafield tag="035" ind1=" " ind2=" ">
    <subfield code="a">(DE-627)1733284826</subfield>
  </datafield>
  <datafield tag="035" ind1=" " ind2=" ">
    <subfield code="a">(DE-599)KXP1733284826</subfield>
  </datafield>
  <datafield tag="035" ind1=" " ind2=" ">
    <subfield code="a">(OCoLC)1196907456</subfield>
  </datafield>
  <datafield tag="035" ind1=" " ind2=" ">
    <subfield code="a">(DE-101)1218018615</subfield>
  </datafield>
  <datafield tag="040" ind1=" " ind2=" ">
    <subfield code="a">DE-627</subfield>
    <subfield code="b">ger</subfield>
    <subfield code="c">DE-627</subfield>
    <subfield code="e">rda</subfield>
  </datafield>
  <datafield tag="041" ind1=" " ind2=" ">
    <subfield code="a">eng</subfield>
  </datafield>
  <datafield tag="044" ind1=" " ind2=" ">
    <subfield code="c">XA-DE-BW</subfield>
  </datafield>
  <datafield tag="082" ind1="0" ind2="4">
    <subfield code="a">460</subfield>
    <subfield code="q">DE-101</subfield>
  </datafield>
  <datafield tag="100" ind1="1" ind2=" ">
    <subfield code="a">Weingart, Anja</subfield>
    <subfield code="e">VerfasserIn</subfield>
    <subfield code="4">aut</subfield>
  </datafield>
  <datafield tag="245" ind1="1" ind2="0">
    <subfield code="a">Anaphoric Dependencies in Spanish and European Portuguese</subfield>
    <subfield code="b">A Minimalist Analysis</subfield>
    <subfield code="c">Anja Weingart</subfield>
  </datafield>
  <datafield tag="264" ind1=" " ind2="1">
    <subfield code="a">Konstanz</subfield>
    <subfield code="c">2020</subfield>
  </datafield>
  <datafield tag="300" ind1=" " ind2=" ">
    <subfield code="a">1 Online-Ressource</subfield>
  </datafield>
  <datafield tag="336" ind1=" " ind2=" ">
    <subfield code="a">Text</subfield>
    <subfield code="b">txt</subfield>
    <subfield code="2">rdacontent</subfield>
  </datafield>
  <datafield tag="337" ind1=" " ind2=" ">
    <subfield code="a">Computermedien</subfield>
    <subfield code="b">c</subfield>
    <subfield code="2">rdamedia</subfield>
  </datafield>
  <datafield tag="338" ind1=" " ind2=" ">
    <subfield code="a">Online-Ressource</subfield>
    <subfield code="b">cr</subfield>
    <subfield code="2">rdacarrier</subfield>
  </datafield>
  <datafield tag="502" ind1=" " ind2=" ">
    <subfield code="b">Dissertation</subfield>
    <subfield code="c">Georg-August-Universität Göttingen</subfield>
    <subfield code="d">2020</subfield>
  </datafield>
  <datafield tag="591" ind1=" " ind2=" ">
    <subfield code="a">doctoralThesis</subfield>
  </datafield>
  <datafield tag="655" ind1=" " ind2="7">
    <subfield code="a">Hochschulschrift</subfield>
    <subfield code="0">(DE-588)4113937-9</subfield>
    <subfield code="0">(DE-627)105825778</subfield>
    <subfield code="0">(DE-576)209480580</subfield>
    <subfield code="2">gnd-content</subfield>
  </datafield>
  <datafield tag="710" ind1="2" ind2=" ">
    <subfield code="a">Georg-August-Universität Göttingen</subfield>
    <subfield code="e">Grad-verleihende Institution</subfield>
    <subfield code="0">(DE-588)2024315-7</subfield>
    <subfield code="0">(DE-627)102160279</subfield>
    <subfield code="0">(DE-576)191769223</subfield>
    <subfield code="4">dgg</subfield>
  </datafield>
  <datafield tag="710" ind1="2" ind2=" ">
    <subfield code="a">Catholic Church.</subfield>
    <subfield code="b">Province of Baltimore (Md.).</subfield>
    <subfield code="b">Provincial Council</subfield>    
    <subfield code="d">1869</subfield>
    <subfield code="n">10th</subfield>
    <subfield code="4">dgg</subfield>
  </datafield>   
  
  <datafield tag="751" ind1=" " ind2=" ">
    <subfield code="a">Göttingen</subfield>
    <subfield code="0">(DE-588)4021477-1</subfield>
    <subfield code="0">(DE-627)106313819</subfield>
    <subfield code="0">(DE-576)20893815X</subfield>
    <subfield code="4">uvp</subfield>
  </datafield>
  <datafield tag="856" ind1="4" ind2="0">
    <subfield code="u">http://nbn-resolving.de/urn:nbn:de:bsz:352-2-1tjgd01tlkx2q1</subfield>
    <subfield code="q">application/pdf</subfield>
    <subfield code="x">Resolving-System</subfield>
    <subfield code="z">Kostenfrei</subfield>
    <subfield code="3">Volltext</subfield>
  </datafield>
  <datafield tag="856" ind1="4" ind2="0">
    <subfield code="u">https://nbn-resolving.org/urn:nbn:de:bsz:352-2-1tjgd01tlkx2q1</subfield>
    <subfield code="v">2020-10-07</subfield>
    <subfield code="x">Resolving-System</subfield>
  </datafield>
  <datafield tag="856" ind1="4" ind2="0">
    <subfield code="u">https://d-nb.info/1218018615/34</subfield>
    <subfield code="v">2020-10-07</subfield>
    <subfield code="x">Langzeitarchivierung Nationalbibliothek</subfield>
  </datafield>
  <datafield tag="856" ind1="4" ind2="0">
    <subfield code="u">https://kops.uni-konstanz.de/handle/123456789/50871</subfield>
    <subfield code="q">application/pdf</subfield>
    <subfield code="v">2020-10-07</subfield>
    <subfield code="x">Verlag</subfield>
    <subfield code="z">kostenfrei</subfield>
  </datafield>
  <datafield tag="912" ind1=" " ind2=" ">
    <subfield code="a">GBV-ODiss</subfield>
  </datafield>
  <datafield tag="924" ind1="1" ind2=" ">
    <subfield code="a">3782428161</subfield>
    <subfield code="b">DE-84</subfield>
    <subfield code="9">84</subfield>
    <subfield code="c">GBV</subfield>
    <subfield code="d">d</subfield>
    <subfield code="k">http://nbn-resolving.de/urn:nbn:de:bsz:352-2-1tjgd01tlkx2q1</subfield>
  </datafield>
  <datafield tag="924" ind1="1" ind2=" ">
    <subfield code="a">3782467582</subfield>
    <subfield code="b">DE-46</subfield>
    <subfield code="9">46</subfield>
    <subfield code="c">GBV</subfield>
    <subfield code="d">d</subfield>
    <subfield code="k">http://nbn-resolving.de/urn:nbn:de:bsz:352-2-1tjgd01tlkx2q1</subfield>
  </datafield>
  <datafield tag="924" ind1="1" ind2=" ">
    <subfield code="a">378250710X</subfield>
    <subfield code="b">DE-18</subfield>
    <subfield code="9">18</subfield>
    <subfield code="c">GBV</subfield>
    <subfield code="d">d</subfield>
    <subfield code="k">http://nbn-resolving.de/urn:nbn:de:bsz:352-2-1tjgd01tlkx2q1</subfield>
  </datafield>
  <datafield tag="924" ind1="1" ind2=" ">
    <subfield code="a">3782628985</subfield>
    <subfield code="b">DE-705</subfield>
    <subfield code="9">705</subfield>
    <subfield code="c">GBV</subfield>
    <subfield code="d">d</subfield>
    <subfield code="k">http://nbn-resolving.de/urn:nbn:de:bsz:352-2-1tjgd01tlkx2q1</subfield>
  </datafield>
  <datafield tag="924" ind1="1" ind2=" ">
    <subfield code="a">3782677811</subfield>
    <subfield code="b">DE-89</subfield>
    <subfield code="9">89</subfield>
    <subfield code="c">GBV</subfield>
    <subfield code="d">d</subfield>
    <subfield code="k">http://nbn-resolving.de/urn:nbn:de:bsz:352-2-1tjgd01tlkx2q1</subfield>
  </datafield>
  <datafield tag="924" ind1="1" ind2=" ">
    <subfield code="a">3782893611</subfield>
    <subfield code="b">DE-841</subfield>
    <subfield code="9">841</subfield>
    <subfield code="c">GBV</subfield>
    <subfield code="d">d</subfield>
    <subfield code="k">http://nbn-resolving.de/urn:nbn:de:bsz:352-2-1tjgd01tlkx2q1</subfield>
  </datafield>
  <datafield tag="924" ind1="1" ind2=" ">
    <subfield code="a">378270326X</subfield>
    <subfield code="b">DE-Luen4</subfield>
    <subfield code="9">Luen 4</subfield>
    <subfield code="c">GBV</subfield>
    <subfield code="d">d</subfield>
    <subfield code="k">http://nbn-resolving.de/urn:nbn:de:bsz:352-2-1tjgd01tlkx2q1</subfield>
  </datafield>
  <datafield tag="924" ind1="1" ind2=" ">
    <subfield code="a">3782736672</subfield>
    <subfield code="b">DE-959</subfield>
    <subfield code="9">n/a</subfield>
    <subfield code="c">GBV</subfield>
    <subfield code="d">d</subfield>
    <subfield code="k">http://nbn-resolving.de/urn:nbn:de:bsz:352-2-1tjgd01tlkx2q1</subfield>
  </datafield>
  <datafield tag="924" ind1="1" ind2=" ">
    <subfield code="a">3782782305</subfield>
    <subfield code="b">DE-960</subfield>
    <subfield code="9">960</subfield>
    <subfield code="c">GBV</subfield>
    <subfield code="d">d</subfield>
    <subfield code="k">http://nbn-resolving.de/urn:nbn:de:bsz:352-2-1tjgd01tlkx2q1</subfield>
  </datafield>
  <datafield tag="924" ind1="1" ind2=" ">
    <subfield code="a">3782809831</subfield>
    <subfield code="b">DE-551</subfield>
    <subfield code="9">551</subfield>
    <subfield code="c">GBV</subfield>
    <subfield code="d">d</subfield>
    <subfield code="k">http://nbn-resolving.de/urn:nbn:de:bsz:352-2-1tjgd01tlkx2q1</subfield>
  </datafield>
  <datafield tag="924" ind1="1" ind2=" ">
    <subfield code="a">3782857844</subfield>
    <subfield code="b">DE-960-3</subfield>
    <subfield code="9">960/3</subfield>
    <subfield code="c">GBV</subfield>
    <subfield code="d">d</subfield>
    <subfield code="k">http://nbn-resolving.de/urn:nbn:de:bsz:352-2-1tjgd01tlkx2q1</subfield>
  </datafield>
  <datafield tag="924" ind1="1" ind2=" ">
    <subfield code="a">3758349273</subfield>
    <subfield code="b">DE-352</subfield>
    <subfield code="9">352</subfield>
    <subfield code="c">BSZ</subfield>
    <subfield code="d">d</subfield>
    <subfield code="k">http://nbn-resolving.de/urn:nbn:de:bsz:352-2-1tjgd01tlkx2q1</subfield>
  </datafield>
  <datafield tag="951" ind1=" " ind2=" ">
    <subfield code="a">BO</subfield>
  </datafield>
</record></zs:recordData><zs:recordPosition>1</zs:recordPosition></zs:record></zs:records><zs:echoedSearchRetrieveRequest><zs:version>1.1</zs:version><zs:query>pica.ppn=1733284826</zs:query><zs:maximumRecords>10</zs:maximumRecords><zs:recordPacking>xml</zs:recordPacking><zs:recordSchema>marcxml</zs:recordSchema></zs:echoedSearchRetrieveRequest></zs:searchRetrieveResponse>
